@book{Mitchell:1997,
 author = {Thomas M. Mitchell},
 title = {Machine Learning},
 year = {1997},
 isbn = {0070428077, 9780070428072},
 edition = {1},
 publisher = {McGraw-Hill, Inc.},
 address = {New York, NY, USA},
} 
@inproceedings{abs-1208-2013,
 author = {Cheung, Alvin and Solar-Lezama, Armando and Madden, Samuel},
 title = {Optimizing database-backed applications with query synthesis},
 booktitle = {PLDI},
 year = {2013},
 pages = {3--14},
} 


@inproceedings{Cheung:2012:UPS,
 author = {Cheung, Alvin and Solar-Lezama, Armando and Madden, Samuel},
 title = {Using program synthesis for social recommendations},
 booktitle = {Proceedings of the 21st ACM international conference on Information and knowledge management},
 series = {CIKM '12},
 year = {2012},
 pages = {1732--1736},
 numpages = {5},
} 

@inproceedings{Solar-Lezama:2005,
 author = {Solar-Lezama, Armando and Rabbah, Rodric and Bod\'{\i}k, Rastislav and Ebcio\u{g}lu, Kemal},
 title = {Programming by sketching for bit-streaming programs},
 booktitle = {PLDI},
 year = {2005},
} 

@article{aaaabs-1208-2013,
  author = {Cheung, Alvin and Solar-Lezama, Armando and Madden, Samuel},
  ee = {http://arxiv.org/abs/1208.2013},
  journal = {CoRR},
  title = {Inferring SQL Queries Using Program Synthesis},
  volume = {abs/1208.2013},
  year = 2012
}


@article{Hall:2009,
 author = {Hall, Mark and Frank, Eibe and Holmes, Geoffrey and Pfahringer, Bernhard and Reutemann, Peter and Witten, Ian H.},
 title = {The {WEKA} data mining software: an update},
 journal = {SIGKDD Explor. Newsl.},
 issue_date = {June 2009},
 volume = {11},
 number = {1},
 month = nov,
 year = {2009},
 pages = {10--18},
 numpages = {9},
} 


@article{Pagallo:1990,
 author = {y Giulia Pagallo and David Haussler and Paul Rosenbloom},
 title = {Boolean feature discovery in empirical learning},
 journal = {Machine Learning.},
 volume = {5},
 number = {1},
 issue_date = {Mar. 1990},
  month = {Mar},
 year = {1990},
 issn = {0885-6125},
 url = {http://dx.doi.org/10.1023/A:1022611825350},
 pages = {71--99},
 numpages = {29},
 acmid = {83649},
 publisher = {Kluwer Academic Publishers},
 address = {Hingham, MA, USA},} 

@inproceedings{Cohen:1995,
author = {William W. Cohen},
title = {Fast effective rule induction},
booktitle = {Proceedings of the 12th International Conference on Machine Learning},
series = {ICML'95},
year = {1995},
location = {Tahoe City, California, USA},
pages = {115--123},
publisher = {Morgan Kaufmann}
}


@inproceedings{Frank:1998,
author = {Eibe Frank and Ian H. Witten},
title = {Generating Accurate Rule Sets Without Global Optimization},
booktitle = {ICML},
year = {1998},
pages = {144--151},
}


@book{Quinlan:1993,
 author = {Quinlan, J. Ross},
 title = {C4.5: programs for machine learning},
 year = {1993},
 isbn = {1-55860-238-0},
 publisher = {Morgan Kaufmann Publishers Inc.},
 address = {San Francisco, CA, USA},
} 

@Misc{mdx,
  key =   {MDX},
  title =    {{MDX: A query language for OLAP databases}},
  note = {\url{http://msdn.microsoft.com/en-us/library/gg492188.aspx}},
}

@Misc{coursera,
  key =   {coursera},
  title =    {{Coursera}},
  note = {\url{https://www.coursera.org/}},
}
@Misc{udacity,
  key =   {Udacity},
  title =    {{Udacity}},
  note = {\url{https://www.udacity.com/}},
}

@Misc{edx,
  key =   {edx},
  title =    {{EdX}},
  note = {\url{https://www.edx.org/}},
}

@Misc{mysql,
  key =   {MySQL},
  title =    {{MySQL}},
  note = {\url{http://www.mysql.com}},
}

@Misc{stackoverflow,
  key =   {stackoverflow},
  title =    {{StackOverflow}},
  note = {\url{http://www.stackoverflow.com}},
}

@Misc{tutorialized,
  key =   {tutorialforums},
  title =    {{Tutorialized Forums}},
  note = {\url{http://forums.tutorialized.com}},
}

@Misc{dbjournal,
  key =   {dbjournal},
  title =    {{Database Journal}},
  note = {\url{http://forums.databasejournal.com/}},
}

@Misc{forumq,
  key =   {forum},
  title =    {{SQLSynthesizer.}},
  note = {\url{http://sqlsynthesizer.googlecode.com}},
}

@inproceedings{Chris:2003,
author = {Drummond, Chris and Holte, Robert C.},
title = {C4.5, Class Imbalance, and Cost Sensitivity: Why Under-Sampling beats Over-Sampling},
booktitle = {Proceedings of the 20th ICML Workshop on Learning from Imbalanced Data Sets},
series = {ICML'03},
year = {2003},
}

@inproceedings{Harris:2011,
 author = {Harris, William R. and Gulwani, Sumit},
 title = {Spreadsheet table transformations from examples},
 booktitle = {PLDI},
 year = {2011},
 pages = {317--328},
} 

@inproceedings{Tran:2009,
 author = {Tran, Quoc Trung and Chan, Chee-Yong and Parthasarathy, Srinivasan},
 title = {Query by output},
 booktitle = {SIGMOD},
 year = {2009},
 pages = {535--548},
} 

@article{Quinlan:1986,
 author = {Quinlan, J. R.},
 title = {Induction of Decision Trees},
 journal = {Mach. Learn.},
 volume = {1},
 number = {1},
 month = mar,
 year = {1986},
 issn = {0885-6125},
 pages = {81--106},
 numpages = {26},
 publisher = {Kluwer Academic Publishers},
 address = {Hingham, MA, USA},
} 

@inproceedings{DasSarma:2010,
 author = {Das Sarma, Anish and Parameswaran, Aditya and Garcia-Molina, Hector and Widom, Jennifer},
 title = {Synthesizing view definitions from data},
 booktitle = {ICDT},
 year = {2010},
 pages = {89--103},
} 

@inproceedings{Zloof:1975,
 author = {Zloof, Mosh{\'e} M.},
 title = {Query-by-example: the invocation and definition of tables and forms},
 booktitle = {VLDB},
 year = {1975},
 pages = {1--24},
} 

@inproceedings{Zhang:2013:PST,
 author = {Zhang, Sai},
 title = {Practical semantic test simplification},
 booktitle = {ICSE (NIER track)},
 year = {2013},
} 

@inproceedings{ZhangZE2011,
   author = {Sai Zhang and Cheng Zhang and Michael D. Ernst},
   title = {Automated documentation inference to explain failed tests},
   booktitle = {ASE},
   month = nov,
   year = {2011}
}


@inproceedings{ZhangSBE2011,
   author = {Sai Zhang and David Saff and Yingyi Bu and Michael D. Ernst},
   title = {Combined static and dynamic automated test generation},
   booktitle = {ISSTA},
   pages = {353--363},
   month = {July~19--21,},
   year = {2011}
}

@inproceedings{Zhang:2010:TGV,
 author = {Zhang, Lingming and Xie, Tao and Zhang, Lu and Tillmann, Nikolai and de Halleux, Jonathan and Mei, Hong},
 title = {Test generation via Dynamic Symbolic Execution for mutation testing},
 booktitle = {ICSM},
 year = {2010},
 pages = {1--10},
} 

@inproceedings{Zhang:2008:EIF,
 author = {Zhang, Sai and Lin, Yu and Gu, Zhongxian and Zhao, Jianjun},
 title = {Effective identification of failure-inducing changes: a hybrid approach},
 booktitle = {PASTE},
 year = {2008},
 pages = {77--83},
} 

@inproceedings{Zhang:2011:LFP,
 author = {Zhang, Lingming and Kim, Miryung and Khurshid, Sarfraz},
 title = {Localizing failure-inducing program edits based on spectrum information},
 booktitle = {ICSM},
 year = {2011},
 pages = {23--32},
} 

@inproceedings{singh:2012,
 author = {Rishabh Singh and Sumit Gulwani},
 title = {Learning Semantic String Transformations from Examples},
 booktitle = {VLDB},
 year = {2012},
} 

@inproceedings{Howe:2011,
 author = {Howe, Bill and Cole, Garret and Khoussainova, Nodira and Battle, Leilani},
 title = {Automatic example queries for ad hoc databases},
 booktitle = {SIGMOD},
 year = {2011},
 pages = {1319--1322},
} 

@article{Khoussainova:2010,
 author = {Khoussainova, Nodira and Kwon, YongChul and Balazinska, Magdalena and Suciu, Dan},
 title = {Snip{S}uggest: context-aware autocompletion for SQL},
 journal = {Proc. VLDB Endow.},
 issue_date = {October 2010},
 volume = {4},
 number = {1},
 month = oct,
 year = {2010},
 issn = {2150-8097},
 pages = {22--33},
} 

@inproceedings{Gulwani:2011,
 author = {Gulwani, Sumit},
 title = {Automating string processing in spreadsheets using input-output examples},
 booktitle = {POPL},
 year = {2011},
 pages = {317--330},
} 

@inproceedings{Gulwani:2010:DPS,
 author = {Gulwani, Sumit},
 title = {Dimensions in program synthesis},
 booktitle = {PPDP},
 year = {2010},
 pages = {13--24},
} 

@article{sttt-synthesis,
  author = {Saurabh Srivastava and Sumit Gulwani and Jeffrey S. Foster},
  title = {{Template-based Program Verification and Program Synthesis}},
  journal = {International Journal on Software Tools for Technology Transfer (STTT), special issue on Algorithmic Program Synthesis},
  year = {2012},
  pages = {1--22},
  month = {January},
}


@inproceedings{Kandel:2011,
 author = {Kandel, Sean and Paepcke, Andreas and Hellerstein, Joseph and Heer, Jeffrey},
 title = {Wrangler: interactive visual specification of data transformation scripts},
 booktitle = {CHI},
 year = {2011},
 pages = {3363--3372},
} 

@inproceedings{Fisher:2008,
 author = {Fisher, Kathleen and Walker, David and Zhu, Kenny Q. and White, Peter},
 title = {From dirt to shovels: fully automatic tool generation from ad hoc data},
 booktitle = {POPL},
 year = {2008},
 pages = {421--434},
} 

@article{Lau:2003:PDU,
 author = {Lau, Tessa and Wolfman, Steven A. and Domingos, Pedro and Weld, Daniel S.},
 title = {Programming by Demonstration Using Version Space Algebra},
 journal = {Mach. Learn.},
 issue_date = {October-November 2003},
 volume = {53},
 number = {1-2},
 month = oct,
 year = {2003},
 pages = {111--156},
 numpages = {46},
 publisher = {Kluwer Academic Publishers},
 address = {Hingham, MA, USA},
} 

@inproceedings{Lau:2000:VSA,
 author = {Lau, Tessa A. and Domingos, Pedro and Weld, Daniel S.},
 title = {Version Space Algebra and its Application to Programming by Demonstration},
 booktitle = {ICML},
 year = {2000},
 pages = {527--534},
} 

@inproceedings{Barbosa:2010:MLA,
 author = {Barbosa, Davi M.J. and Cretin, Julien and Foster, Nate and Greenberg, Michael and Pierce, Benjamin C.},
 title = {Matching lenses: alignment and view update},
 booktitle = {ICFP},
 year = {2010},
 pages = {193--204},
} 

@BOOK{cowbook,
   author = "Raghu Ramakrishnan and Johannes Gehrke",
   title= "Database Management Systems",
   publisher = "Addison-Wesley (3rd Edition)",
   year = 2007 
   }

@INPROCEEDINGS{Fisher08Pads,
    author = {Kathleen Fisher},
    title = {Learn{PADS}: Automatic tool generation from ad hoc data},
    booktitle = {SIGMOD},
    year = {2008}
}

@article{Arasu:2009:LST,
 author = {Arasu, Arvind and Chaudhuri, Surajit and Kaushik, Raghav},
 title = {Learning string transformations from examples},
 journal = {Proc. VLDB Endow.},
 issue_date = {August 2009},
 volume = {2},
 number = {1},
 month = aug,
 year = {2009},
 issn = {2150-8097},
 pages = {514--525},
} 

@inproceedings{Ramakrishnan:2004,
 author = {Ramakrishnan, Naren and Kumar, Deept and Mishra, Bud and Potts, Malcolm and Helm, Richard F.},
 title = {Turning CARTwheels: an alternating algorithm for mining redescriptions},
 booktitle = {Proceedings of the tenth ACM SIGKDD international conference on Knowledge discovery and data mining},
 series = {KDD '04},
 year = {2004},
 isbn = {1-58113-888-1},
 location = {Seattle, WA, USA},
 pages = {266--275},
 numpages = {10},
 url = {http://doi.acm.org/10.1145/1014052.1014083},
 doi = {10.1145/1014052.1014083},
 acmid = {1014083},
 publisher = {ACM},
 address = {New York, NY, USA},
 keywords = {classification trees, data mining in biological domains, redescriptions},
} 

@inproceedings{Gulwani:2011:SGC,
 author = {Gulwani, Sumit and Korthikanti, Vijay Anand and Tiwari, Ashish},
 title = {Synthesizing geometry constructions},
 booktitle = {Proceedings of the 32nd ACM SIGPLAN conference on Programming language design and implementation},
 series = {PLDI '11},
 year = {2011},
 isbn = {978-1-4503-0663-8},
 location = {San Jose, California, USA},
 pages = {50--61},
 numpages = {12},
 url = {http://doi.acm.org/10.1145/1993498.1993505},
 doi = {10.1145/1993498.1993505},
 acmid = {1993505},
 publisher = {ACM},
 address = {New York, NY, USA},
 keywords = {abstraction, forward and backward analysis, program synthesis, ruler-compass geometry constructions},
} 

@article{Gray:2005,
 author = {Gray, Jim and Liu, David T. and Nieto-Santisteban, Maria and Szalay, Alex and DeWitt, David J. and Heber, Gerd},
 title = {Scientific data management in the coming decade},
 journal = {SIGMOD Rec.},
 issue_date = {December 2005},
 volume = {34},
 number = {4},
 month = dec,
 year = {2005},
 issn = {0163-5808},
 pages = {34--41},
 numpages = {8},
 url = {http://doi.acm.org/10.1145/1107499.1107503},
 doi = {10.1145/1107499.1107503},
 acmid = {1107503},
 publisher = {ACM},
 address = {New York, NY, USA},
} 

